@article{davies1992weg,
  title={Auf dem Weg zur Weltformel},
  author={Davies, Paul and Gribbin, John},
  journal={Superstrings, Chaos Complexity-und was dann},
  year={1992}
}